<collection xmlns="http://www.loc.gov/MARC21/slim">
   <record>
      <leader>02336cam a2200433 i 45 0</leader>
      <controlfield tag="001">6772258</controlfield>
      <controlfield tag="005">20141016062747.0</controlfield>
      <controlfield tag="008">141001s2015    miu      b    001 0 eng  </controlfield>
      <datafield ind1=" " ind2=" " tag="010">
         <subfield code="a">  2014026851</subfield>
      </datafield>
      <datafield ind1=" " ind2=" " tag="020">
         <subfield code="a">9780802871480 (pbk. : alk. paper)</subfield>
      </datafield>
      <datafield ind1=" " ind2=" " tag="035">
         <subfield code="a">ocn892055803</subfield>
      </datafield>
      <datafield ind1=" " ind2=" " tag="040">
         <subfield code="a">DLC</subfield>
         <subfield code="b">eng</subfield>
         <subfield code="e">rda</subfield>
         <subfield code="c">DLC</subfield>
         <subfield code="d">DLC</subfield>
         <subfield code="d">AESJC</subfield>
      </datafield>
      <datafield ind1=" " ind2=" " tag="042">
         <subfield code="a">pcc</subfield>
      </datafield>
      <datafield ind1="0" ind2="0" tag="050">
         <subfield code="a">BS511.3</subfield>
         <subfield code="b">.V47 2014</subfield>
      </datafield>
      <datafield ind1="0" ind2="0" tag="082">
         <subfield code="a">220.088/282</subfield>
         <subfield code="2">23</subfield>
      </datafield>
      <datafield ind1=" " ind2=" " tag="090">
         <subfield code="a">BS 511.3 V47 2015</subfield>
         <subfield code="b">AESJC</subfield>
      </datafield>
      <datafield ind1=" " ind2=" " tag="090">
         <subfield code="a">BS 511.3 V47 2015</subfield>
         <subfield code="b">AEU</subfield>
      </datafield>
      <datafield ind1="0" ind2="0" tag="245">
         <subfield code="a">Verbum Domini and the complementarity of exegesis and theology /</subfield>
         <subfield code="c">edited by Fr. Scott Carl.</subfield>
      </datafield>
      <datafield ind1=" " ind2="1" tag="264">
         <subfield code="a">Grand Rapids, Michigan :</subfield>
         <subfield code="b">William B. Eerdmans Publishing Company,</subfield>
         <subfield code="c">2015.</subfield>
      </datafield>
      <datafield ind1=" " ind2=" " tag="300">
         <subfield code="a">xvi, 176 pages ;</subfield>
         <subfield code="c">23 cm.</subfield>
      </datafield>
      <datafield ind1=" " ind2=" " tag="336">
         <subfield code="a">text</subfield>
         <subfield code="b">txt</subfield>
         <subfield code="2">rdacontent</subfield>
         <subfield code="0">http://id.loc.gov/vocabulary/contentTypes/txt</subfield>
      </datafield>
      <datafield ind1=" " ind2=" " tag="337">
         <subfield code="a">unmediated</subfield>
         <subfield code="b">n</subfield>
         <subfield code="2">rdamedia</subfield>
         <subfield code="0">http://id.loc.gov/vocabulary/mediaTypes/n</subfield>
      </datafield>
      <datafield ind1=" " ind2=" " tag="338">
         <subfield code="a">volume</subfield>
         <subfield code="b">nc</subfield>
         <subfield code="2">rdacarrier</subfield>
         <subfield code="0">http://id.loc.gov/vocabulary/carriers/nc</subfield>
      </datafield>
      <datafield ind1="1" ind2=" " tag="490">
         <subfield code="a">Catholic theological formation series.</subfield>
      </datafield>
      <datafield ind1=" " ind2=" " tag="504">
         <subfield code="a">Includes bibliographical references and index.</subfield>
      </datafield>
      <datafield ind1=" " ind2=" " tag="596">
         <subfield code="a">16 43 49</subfield>
      </datafield>
      <datafield ind1="2" ind2="0" tag="610">
         <subfield code="a">Catholic Church</subfield>
         <subfield code="x">Doctrines.</subfield>
         <subfield code="0">http://id.loc.gov/authorities/subjects/sh85021043</subfield>
      </datafield>
      <datafield ind1="2" ind2="0" tag="610">
         <subfield code="a">Catholic Church</subfield>
         <subfield code="x">Clergy</subfield>
         <subfield code="x">Training of.</subfield>
         <subfield code="0">http://id.loc.gov/authorities/subjects/sh85021043</subfield>
      </datafield>
      <datafield ind1="0" ind2="0" tag="630">
         <subfield code="a">Bible</subfield>
         <subfield code="x">Criticism, interpretation, etc.</subfield>
         <subfield code="0">http://id.loc.gov/authorities/subjects/sh85013576</subfield>
      </datafield>
      <datafield ind1="0" ind2="0" tag="630">
         <subfield code="a">Bible</subfield>
         <subfield code="x">Hermeneutics.</subfield>
         <subfield code="0">http://id.loc.gov/authorities/subjects/sh85013576</subfield>
      </datafield>
      <datafield ind1="0" ind2="0" tag="630">
         <subfield code="a">Bible</subfield>
         <subfield code="x">Use.</subfield>
         <subfield code="0">http://id.loc.gov/authorities/subjects/sh85013576</subfield>
      </datafield>
      <datafield ind1=" " ind2="0" tag="650">
         <subfield code="a">Catholic theological seminaries.</subfield>
         <subfield code="0">http://id.loc.gov/authorities/subjects/sh85134656</subfield>
      </datafield>
      <datafield ind1="1" ind2=" " tag="700">
         <subfield code="a">Carl, Scott.</subfield>
         <subfield code="0">http://id.loc.gov/authorities/names/nb2005007085</subfield>
         <subfield code="0">http://viaf.org/viaf/233569513</subfield>
      </datafield>
      <datafield ind1=" " ind2=" " tag="758">
         <subfield code="0">http://worldcat.org/entity/work/id/352657315</subfield>
      </datafield>
      <datafield ind1="0" ind2=" " tag="787">
         <subfield code="n">OCLC Work Id</subfield>
         <subfield code="o">http://worldcat.org/entity/work/id/352657315</subfield>
      </datafield>
      <datafield ind1=" " ind2="0" tag="830">
         <subfield code="a">Catholic theological formation series.</subfield>
         <subfield code="0">http://id.loc.gov/authorities/names/no2016140247</subfield>
      </datafield>
      <datafield ind1=" " ind2=" " tag="926">
         <subfield code="a">BS 511.3 V47 2015</subfield>
         <subfield code="w">LC</subfield>
         <subfield code="c">1</subfield>
         <subfield code="i">0160000519993</subfield>
         <subfield code="d">4/20/2016</subfield>
         <subfield code="e">4/12/2016</subfield>
         <subfield code="l">ON_SHELF</subfield>
         <subfield code="m">UASJC</subfield>
         <subfield code="n">1</subfield>
         <subfield code="r">Y</subfield>
         <subfield code="s">Y</subfield>
         <subfield code="t">BOOK</subfield>
         <subfield code="u">1/21/2015</subfield>
      </datafield>
      <datafield ind1=" " ind2=" " tag="926">
         <subfield code="a">BS 511.3 V47 2015</subfield>
         <subfield code="w">LC</subfield>
         <subfield code="c">1</subfield>
         <subfield code="i">0162035239084</subfield>
         <subfield code="l">ON_SHELF</subfield>
         <subfield code="m">UAAUG</subfield>
         <subfield code="p">$150.00</subfield>
         <subfield code="r">Y</subfield>
         <subfield code="s">Y</subfield>
         <subfield code="t">BOOK</subfield>
         <subfield code="u">2/11/2015</subfield>
      </datafield>
      <datafield ind1=" " ind2=" " tag="926">
         <subfield code="a">BS 511.3 V47 2015</subfield>
         <subfield code="w">LC</subfield>
         <subfield code="c">1</subfield>
         <subfield code="i">0162035239142</subfield>
         <subfield code="l">ON_SHELF</subfield>
         <subfield code="m">UAHSS</subfield>
         <subfield code="p">$150.00</subfield>
         <subfield code="r">Y</subfield>
         <subfield code="s">Y</subfield>
         <subfield code="t">BOOK</subfield>
         <subfield code="u">2/11/2015</subfield>
      </datafield>
   </record>
</collection>
